<record><leader>00000cas a2200000 a 4500</leader><controlfield tag="001">10419115</controlfield><controlfield tag="008">840215d19051916ksuwr ne      0   a0eng d</controlfield><datafield ind1=" " ind2=" " tag="010"><subfield code="a">sn 83041196 </subfield></datafield><datafield ind1=" " ind2=" " tag="040"><subfield code="a">KSH</subfield><subfield code="b">eng</subfield><subfield code="c">KSH</subfield><subfield code="d">NPT</subfield><subfield code="d">OCL</subfield><subfield code="d">OCLCQ</subfield></datafield><datafield ind1=" " ind2=" " tag="042"><subfield code="a">msc</subfield></datafield><datafield ind1=" " ind2=" " tag="043"><subfield code="a">n-us-ks</subfield></datafield><datafield ind1="0" ind2=" " tag="130"><subfield code="a">Talisman (Coldwater, Kan.)</subfield></datafield><datafield ind1="1" ind2="4" tag="245"><subfield code="a">The talisman.</subfield></datafield><datafield ind1=" " ind2=" " tag="260"><subfield code="a">Coldwater, Kan. :</subfield><subfield code="b">McIntyre &amp; Stanley,</subfield><subfield code="c">1905-1916.</subfield></datafield><datafield ind1=" " ind2=" " tag="300"><subfield code="a">12 v.</subfield></datafield><datafield ind1=" " ind2=" " tag="310"><subfield code="a">Weekly</subfield></datafield><datafield ind1="0" ind2=" " tag="362"><subfield code="a">Vol. 1, no. 1 (Feb. 3, 1905)-v. 12, no. 26 (July 27, 1916).</subfield></datafield><datafield ind1=" " ind2=" " tag="752"><subfield code="a">United States</subfield><subfield code="b">Kansas</subfield><subfield code="c">Comanche</subfield><subfield code="d">Coldwater.</subfield></datafield><datafield ind1="0" ind2="0" tag="785"><subfield code="t">Coldwater talisman</subfield><subfield code="w">(DLC)sn 83041195</subfield></datafield></record>